@BOOK{Smith:2012qr,
	title = {{B}ook {T}itle},
	publisher = {Publisher},
	author = {Smith, J.~M. and Jones, A.~B.},
	year = {2012},
	edition = {7th},
}

@article{Wollaeger:2017ahm,
      author         = "Wollaeger, Ryan T.
					and 	Korobkin et al., Oleg",
      title          = "{Impact of ejecta morphology and composition on the
                        electromagnetic signatures of neutron star mergers}",
      journal        = "Mon. Not. Roy. Astron. Soc.",
      volume         = "478",
      year           = "2018",
      number         = "3",
      pages          = "3298-3334",
      doi            = "10.1093/mnras/sty1018",
      eprint         = "1705.07084",
      archivePrefix  = "arXiv",
      primaryClass   = "astro-ph.HE",
      reportNumber   = "LA-UR-17-24109",
      SLACcitation   = "%%CITATION = ARXIV:1705.07084;%%"
}