@ARTICLE{Villar_2017,
    author = {{Villar}, V.~A. and {Guillochon}, J. and {Berger}, E. and {Metzger}, B.~D. and {Cowperthwaite}, P.~S. and {Nicholl}, M. and {Alexander}, K.~D. and {Blanchard}, P.~K. and {Chornock}, R. and {Eftekhari}, T. and {Fong}, W. and {Margutti}, R. and {Williams}, P.~K.~G.},
    title = "{The Combined Ultraviolet, Optical, and Near-infrared Light Curves of the Kilonova Associated with the Binary Neutron Star Merger GW170817: Unified Data Set, Analytic Models, and Physical Implications}",
    journal = {The Astrophysical Journal Letters},
    keywords = {catalogs, gravitational waves, stars: neutron, Astrophysics - High Energy Astrophysical Phenomena, Astrophysics - Solar and Stellar Astrophysics},
    year = 2017,
    month = dec,
    volume = {851},
    number = {1},
    eid = {L21},
    pages = {L21},
    doi = {10.3847/2041-8213/aa9c84},
    archivePrefix = {arXiv},
    eprint = {1710.11576},
    primaryClass = {astro-ph.HE},
    adsurl = {https://ui.adsabs.harvard.edu/abs/2017ApJ...851L..21V},
    adsnote = {Provided by the SAO/NASA Astrophysics Data System}
}

@article{Metzger_2017,
   title={Kilonovae},
   volume={20},
   ISSN={1433-8351},
   url={http://dx.doi.org/10.1007/s41114-017-0006-z},
   DOI={10.1007/s41114-017-0006-z},
   number={1},
   journal={Living Reviews in Relativity},
   publisher={Springer Science and Business Media LLC},
   author={Metzger, Brian D.},
   year={2017},
   month={May}
}

@ARTICLE{Korobkin_2012,
    author = {{Korobkin}, O. and {Rosswog}, S. and {Arcones}, A. and {Winteler}, C.},
    title = "{On the astrophysical robustness of the neutron star merger r-process}",
    journal = {Monthly Notices of the Royal Astronomical Society},
    keywords = {equation of state, gravitation, hydrodynamics, neutrinos, nuclear reactions, nucleosynthesis, abundances, Astrophysics - Solar and Stellar Astrophysics, Astrophysics - High Energy Astrophysical Phenomena, Nuclear Theory},
    year = 2012,
    month = nov,
    volume = {426},
    number = {3},
    pages = {1940-1949},
    doi = {10.1111/j.1365-2966.2012.21859.x},
    archivePrefix = {arXiv},
    eprint = {1206.2379},
    primaryClass = {astro-ph.SR},
    adsurl = {https://ui.adsabs.harvard.edu/abs/2012MNRAS.426.1940K},
    adsnote = {Provided by the SAO/NASA Astrophysics Data System}
}

@ARTICLE{Barnes_2016,
    author = {{Barnes}, Jennifer and {Kasen}, Daniel and {Wu}, Meng-Ru and {Mart{\'\i}nez-Pinedo}, Gabriel},
    title = "{Radioactivity and Thermalization in the Ejecta of Compact Object Mergers and Their Impact on Kilonova Light Curves}",
    journal = {The Astrophysical Journal},
    keywords = {nuclear reactions, nucleosynthesis, abundances, radiative transfer, stars: black holes, stars: neutron, Astrophysics - High Energy Astrophysical Phenomena},
    year = 2016,
    month = oct,
    volume = {829},
    number = {2},
    eid = {110},
    pages = {110},
    doi = {10.3847/0004-637X/829/2/110},
    archivePrefix = {arXiv},
    eprint = {1605.07218},
    primaryClass = {astro-ph.HE},
    adsurl = {https://ui.adsabs.harvard.edu/abs/2016ApJ...829..110B},
    adsnote = {Provided by the SAO/NASA Astrophysics Data System}
}

@ARTICLE{Chatzopoulos_2012,
    author = {{Chatzopoulos}, E. and {Wheeler}, J. Craig and {Vinko}, J.},
    title = "{Generalized Semi-analytical Models of Supernova Light Curves}",
    journal = {The Astrophysical Journal},
    keywords = {circumstellar matter, stars: evolution, stars: mass-loss, supernovae: general, supernovae: individual: SN 2006gy, Astrophysics - High Energy Astrophysical Phenomena},
    year = 2012,
    month = feb,
    volume = {746},
    number = {2},
    eid = {121},
    pages = {121},
    doi = {10.1088/0004-637X/746/2/121},
    archivePrefix = {arXiv},
    eprint = {1111.5237},
    primaryClass = {astro-ph.HE},
    adsurl = {https://ui.adsabs.harvard.edu/abs/2012ApJ...746..121C},
    adsnote = {Provided by the SAO/NASA Astrophysics Data System}
}


